@inproceedings{ref1,
  author    = {Ian J. Goodfellow and Jean Pouget-Abadie and Mehdi Mirza and Bing Xu and David Warde-Farley and Sherjil Ozair and Aaron Courville and Yoshua Bengio},
  title     = {Generative Adversarial Nets},
  booktitle = {Advances in Neural Information Processing Systems},
  volume    = {27},
  pages     = {2672--2680},
  year      = {2014},
  url       = {https://papers.nips.cc/paper/5423-generative-adversarial-nets},
  doi       = {10.48550/arXiv.1406.2661}
}

@article{ref2,
  author    = {Martin Arjovsky and Soumith Chintala and L{\'{e}}on Bottou},
  title     = {Wasserstein GAN},
  year      = {2017},
  doi       = {10.48550/arXiv.1701.07875}
}
@misc{goodfellow2016tutorial,
  author       = {Ian Goodfellow},
  title        = {NIPS 2016 Tutorial: Generative Adversarial Networks},
  howpublished = {\url{https://arxiv.org/abs/1701.00160}},
  year         = {2016},
  doi          = {10.48550/arXiv.1701.00160}
}

@book{ref4,
  author    = {David Abrahams and Aleksey Gurtovoy},
  title     = {C++ Template Metaprogramming: Concepts, Tools, and Techniques from Boost and Beyond},
  year      = {2004},
  publisher = {Addison-Wesley Professional},
  url       = {https://www.scribd.com/document/274472618/C-Template-Metaprogramming-Concepts-Tools-and-Techniques-from-Boost-and-Beyond-pdf},
  doi       = {10.5555/1044941}
}

@phdthesis{ref5,
  author = {H. Gao},
  title  = {Analysis of Security Protocols by Annotations},
  school = {Technical University of Denmark},
  year   = {2008},
  url    = {https://backend.orbit.dtu.dk/ws/portalfiles/portal/4989124/phd190_hg.pdf}
}
@article{gulrajani2017improved,
  title={Improved Training of Wasserstein GANs},
  author={Gulrajani, Ishaan and Ahmed, Faruk and Arjovsky, Martin and Dumoulin, Vincent and Courville, Aaron C},
  journal={arXiv preprint arXiv:1704.00028},
  year={2017},
  doi={10.48550/arXiv.1704.00028},
  url={https://arxiv.org/abs/1704.00028}
}

@inproceedings{ioffe2015batch,
  title={Batch Normalization: Accelerating Deep Network Training by Reducing Internal Covariate Shift},
  author={Ioffe, Sergey and Szegedy, Christian},
  year={2015},
  publisher={PMLR},
  url={https://proceedings.mlr.press/v37/ioffe15.html}
}

@article{radford2015unsupervised,
  title={Unsupervised Representation Learning with Deep Convolutional Generative Adversarial Networks},
  author={Radford, Alec and Metz, Luke and Chintala, Soumith},
  journal={arXiv preprint arXiv:1511.06434},
  year={2015},
  url={https://arxiv.org/abs/1511.06434}
}
@inproceedings{goodfellow2014generative,
  title={Generative adversarial nets},
  author={Goodfellow, Ian and Pouget-Abadie, Jean and Mirza, Mehdi and Xu, Bing and Warde-Farley, David and Ozair, Sherjil and Courville, Aaron and Bengio, Yoshua},
  booktitle={Advances in neural information processing systems},
  pages={2672--2680},
  year={2014}
}

@article{goodfellow2016tutorial,
  title={NIPS 2016 tutorial: Generative adversarial networks},
  author={Goodfellow, Ian},
  journal={arXiv preprint arXiv:1701.00160},
  year={2016}
}

@article{arjovsky2017wasserstein,
  title={Wasserstein gan},
  author={Arjovsky, Martin and Chintala, Soumith and Bottou, L{\'e}on},
  journal={arXiv preprint arXiv:1701.07875},
  year={2017}
}

@article{arjovsky2017principled,
  title={Towards principled methods for training generative adversarial networks},
  author={Arjovsky, Martin and Bottou, L{\'e}on},
  journal={arXiv preprint arXiv:1701.04862},
  year={2017}
}

@inproceedings{metz2016unrolled,
  title={Unrolled generative adversarial networks},
  author={Metz, Luke and Poole, Ben and Pfau, David and Sohl-Dickstein, Jascha},
  booktitle={arXiv preprint arXiv:1611.02163},
  year={2016}
}

@inproceedings{salimans2016improved,
  title={Improved techniques for training gans},
  author={Salimans, Tim and Goodfellow, Ian and Zaremba, Wojciech and Cheung, Vicki and Radford, Alec and Chen, Xi},
  booktitle={Advances in neural information processing systems},
  pages={2234--2242},
  year={2016}
}

@article{che2016mode,
  title={Mode regularized generative adversarial networks},
  author={Che, Tong and Li, Yanran and Jacob, Athul Paul and Bengio, Yoshua and Li, Wenjie},
  journal={arXiv preprint arXiv:1612.02136},
  year={2016}
}

@article{wang2020generative,
  title={Generative adversarial networks in computer vision: A survey and taxonomy},
  author={Wang, Zhengwei and She, Qi and Ward, Tom{\'a}s E},
  journal={ACM Computing Surveys},
  volume={54},
  number={2},
  pages={1--38},
  year={2021}
}